<record><leader>00000cas a2200000 a 4500</leader><controlfield tag="001">6241416</controlfield><controlfield tag="007">hd afv---baca</controlfield><controlfield tag="008">800424d18271834meuwr nea     0    0eng d</controlfield><datafield ind1=" " ind2=" " tag="010"><subfield code="a">sf 88091505 </subfield></datafield><datafield ind1=" " ind2=" " tag="040"><subfield code="a">NOC</subfield><subfield code="b">eng</subfield><subfield code="c">NOC</subfield><subfield code="d">PES</subfield><subfield code="d">DLC</subfield><subfield code="d">OCL</subfield><subfield code="d">DLC</subfield><subfield code="d">FUG</subfield><subfield code="d">OCL</subfield><subfield code="d">OCLCQ</subfield><subfield code="d">DLC</subfield><subfield code="d">OCLCF</subfield><subfield code="d">OCLCO</subfield></datafield><datafield ind1="1" ind2=" " tag="029"><subfield code="a">AU@</subfield><subfield code="b">000020128542</subfield></datafield><datafield ind1=" " ind2=" " tag="042"><subfield code="a">msc</subfield></datafield><datafield ind1="0" ind2="0" tag="050"><subfield code="a">Microfilm 01104 no. 593-594 AP</subfield></datafield><datafield ind1="0" ind2="4" tag="082"><subfield code="a">051</subfield><subfield code="b">A51p2</subfield></datafield><datafield ind1="0" ind2="4" tag="245"><subfield code="a">The Christian intelligencer and eastern chronicle</subfield><subfield code="h">[microform].</subfield></datafield><datafield ind1=" " ind2=" " tag="260"><subfield code="a">Gardiner, Me. :</subfield><subfield code="b">P. Sheldon,</subfield><subfield code="c">1827-1834.</subfield></datafield><datafield ind1=" " ind2=" " tag="300"><subfield code="a">10 v. ;</subfield><subfield code="c">21-31 cm.</subfield></datafield><datafield ind1=" " ind2=" " tag="310"><subfield code="a">Weekly</subfield></datafield><datafield ind1="0" ind2=" " tag="362"><subfield code="a">New ser. vol. 1, no. 2 (Jan. 12, 1827)-v. 8, no. 52 (Dec. 26, 1834).</subfield></datafield><datafield ind1=" " ind2=" " tag="500"><subfield code="a">The varied material published in this religious periodical included articles on the Universalists, proceedings of temperance societies, religious and secular news, sermons, poetry, and tales. Cf. American periodicals, 1741-1900.</subfield></datafield><datafield ind1=" " ind2=" " tag="500"><subfield code="a">Title from caption.</subfield></datafield><datafield ind1=" " ind2=" " tag="515"><subfield code="a">Vols. for 1827-1834 called also v. 7-14.</subfield></datafield><datafield ind1=" " ind2=" " tag="533"><subfield code="a">Microfilm.</subfield><subfield code="b">Ann Arbor, Mich. :</subfield><subfield code="c">University Microfilms,</subfield><subfield code="d">[1956].</subfield><subfield code="e">2 microfilm reels ; 35 mm.</subfield><subfield code="f">(American periodical series: 1800-1850 ; 593-594).</subfield></datafield><datafield ind1=" " ind2="0" tag="650"><subfield code="a">Universalism</subfield><subfield code="v">Newspapers.</subfield></datafield><datafield ind1=" " ind2="0" tag="651"><subfield code="a">Gardiner (Me.)</subfield><subfield code="v">Newspapers.</subfield></datafield><datafield ind1=" " ind2="0" tag="651"><subfield code="a">Kennebec County (Me.)</subfield><subfield code="v">Newspapers.</subfield></datafield><datafield ind1=" " ind2="7" tag="655"><subfield code="a">Newspapers.</subfield><subfield code="2">fast</subfield><subfield code="0">(OCoLC)fst01423814</subfield></datafield><datafield ind1=" " ind2="7" tag="650"><subfield code="a">Universalism.</subfield><subfield code="2">fast</subfield><subfield code="0">(OCoLC)fst01161574</subfield></datafield><datafield ind1=" " ind2="7" tag="651"><subfield code="a">Maine</subfield><subfield code="z">Gardiner.</subfield><subfield code="2">fast</subfield><subfield code="0">(OCoLC)fst01223541</subfield></datafield><datafield ind1=" " ind2="7" tag="651"><subfield code="a">Maine</subfield><subfield code="z">Kennebec County.</subfield><subfield code="2">fast</subfield><subfield code="0">(OCoLC)fst01211990</subfield></datafield><datafield ind1=" " ind2=" " tag="752"><subfield code="a">United States</subfield><subfield code="b">Maine</subfield><subfield code="c">Kennebec</subfield><subfield code="d">Gardiner.</subfield></datafield><datafield ind1="1" ind2=" " tag="776"><subfield code="c">Original</subfield><subfield code="t">Christian intelligencer and eastern chronicle</subfield><subfield code="x">2157-7803</subfield><subfield code="w">(DLC)sn 84026947</subfield><subfield code="w">(OCoLC)7035126</subfield></datafield><datafield ind1="0" ind2="0" tag="780"><subfield code="t">Christian intelligencer (1823)</subfield><subfield code="w">(DLC)sf 89091538</subfield><subfield code="w">(OCoLC)10322139</subfield></datafield><datafield ind1="0" ind2="0" tag="785"><subfield code="t">Christian intelligencer (1835)</subfield><subfield code="w">(DLC)sf 88093306</subfield><subfield code="w">(OCoLC)8272268</subfield></datafield><datafield ind1=" " ind2="0" tag="830"><subfield code="a">American periodical series, 1800-1850 ;</subfield><subfield code="v">593-594.</subfield></datafield><datafield ind1=" " ind2=" " tag="936"><subfield code="a">1827-1836</subfield></datafield></record>